<?xml version="1.0" encoding="utf-8"?>
<record xmlns="http://www.loc.gov/MARC21/slim" xmlns:xsi="http://www.w3.org/2001/XMLSchema-instance" xsi:schemaLocation="http://www.loc.gov/MARC21/slim http://www.loc.gov/standards/marcxml/schema/MARC21slim.xsd">
	<leader>     nam a22     Mi 4500</leader>
	<controlfield tag="001">b12479391</controlfield>
	<controlfield tag="003">LeBAU</controlfield>
	<controlfield tag="006">m        d        </controlfield>
	<controlfield tag="007">cr cn |||m|||a</controlfield>
	<controlfield tag="008">200121m19131914ua      o     ||0 0 ara d</controlfield>
	<datafield ind1=" " ind2=" " tag="040">
		<subfield code="a">ZYU</subfield>
		<subfield code="b">ara</subfield>
		<subfield code="e">rda</subfield>
		<subfield code="c">ZYU</subfield>
	</datafield>
	<datafield ind1="0" ind2="4" tag="082">
		<subfield code="a">340.59</subfield>
		<subfield code="2">22</subfield>
	</datafield>
	<datafield ind1="1" ind2=" " tag="100">
		<subfield code="6">880-01</subfield>
		<subfield code="a">Nafrāwī, Aḥmad ibn Ghunaym,</subfield>
		<subfield code="d">1634?-1714?</subfield>
		<subfield code="e">author.</subfield>
	</datafield>
	<datafield ind1="1" ind2="0" tag="245">
		<subfield code="6">880-02</subfield>
		<subfield code="a">Kitāb al-fawākih al-dawānī ʻalá Risālat ibn Abī Zayd al-Qayrawānī /</subfield>
		<subfield code="c">taʼlīf al-ʻallāmah al-Shaykh Aḥmad ibn Ghunaym ibn Sālim ibn Muhannā al-Nafrāwī al-Mālikī al-mutawaffá sanat 1125 Hijrīyah. Wa-bi-hāmishihi risālat ibn Abī Zayd al-Qayrawānī, wa-huwa al-Imām Abū Muḥammad ʻAbd Allāh ibn Abī Zayd ʻAbd al-Raḥmān al-Qayrawānī al-mutawaffá sanat 386.</subfield>
	</datafield>
	<datafield ind1="3" ind2="0" tag="246">
		<subfield code="6">880-03</subfield>
		<subfield code="a">Fawākih al-dawānī ʻalá Risālat ibn Abī Zayd al-Qayrawānī</subfield>
	</datafield>
	<datafield ind1=" " ind2=" " tag="250">
		<subfield code="6">880-04</subfield>
		<subfield code="a">al-Ṭabʻah al-ūlá.</subfield>
	</datafield>
	<datafield ind1=" " ind2="1" tag="264">
		<subfield code="6">880-05</subfield>
		<subfield code="a">Miṣr :</subfield>
		<subfield code="b">Maṭbaʻat al-Saʻādah,</subfield>
		<subfield code="c">1331-1332 [H.], [1913-1914 M.]</subfield>
	</datafield>
	<datafield ind1=" " ind2=" " tag="300">
		<subfield code="6">880-06</subfield>
		<subfield code="a">online resource (3 volumes)</subfield>
	</datafield>
	<datafield ind1=" " ind2=" " tag="336">
		<subfield code="a">text</subfield>
		<subfield code="2">rdacontent</subfield>
	</datafield>
	<datafield ind1=" " ind2=" " tag="337">
		<subfield code="a">computer</subfield>
		<subfield code="2">rdamedia</subfield>
	</datafield>
	<datafield ind1=" " ind2=" " tag="338">
		<subfield code="a">online resource</subfield>
		<subfield code="2">rdacarrier</subfield>
	</datafield>
	<datafield ind1=" " ind2=" " tag="500">
		<subfield code="a">Part of the Arabic Collections Online (ACO) project, contributed by American University of Beirut's Jafet Memorial Library.</subfield>
	</datafield>
	<datafield ind1=" " ind2=" " tag="533">
		<subfield code="a">Electronic reproduction.</subfield>
		<subfield code="b">New York, N.Y. :</subfield>
		<subfield code="c">New York University,</subfield>
		<subfield code="d">2020.</subfield>
		<subfield code="5">NNU</subfield>
	</datafield>
	<datafield ind1="1" ind2="0" tag="600">
		<subfield code="6">880-07</subfield>
		<subfield code="a">Ibn Abī Zayd al-Qayrawānī, ʻAbd Allāh ibn ʻAbd al-Raḥmān,</subfield>
		<subfield code="d">active 10th century.</subfield>
		<subfield code="t">Risālah.</subfield>
	</datafield>
	<datafield ind1=" " ind2="0" tag="650">
		<subfield code="6">880-08</subfield>
		<subfield code="a">Islamic law</subfield>
		<subfield code="v">Early works to 1800.</subfield>
	</datafield>
	<datafield ind1=" " ind2="0" tag="650">
		<subfield code="6">880-09</subfield>
		<subfield code="a">Malikites</subfield>
		<subfield code="v">Early works to 1800.</subfield>
	</datafield>
	<datafield ind1="1" ind2="2" tag="700">
		<subfield code="6">880-10</subfield>
		<subfield code="a">bn Abī Zayd al-Qayrawānī, ʻAbd Allāh ibn ʻAbd al-Raḥmān,</subfield>
		<subfield code="d">active 10th century.</subfield>
		<subfield code="t">Risālah.</subfield>
	</datafield>
	<datafield ind1="2" ind2=" " tag="710">
		<subfield code="a">Jafet Memorial Library.</subfield>
	</datafield>
	<datafield ind1="0" ind2=" " tag="730">
		<subfield code="a">Arabic Collections Online.</subfield>
	</datafield>
	<datafield ind1="0" ind2="8" tag="776">
		<subfield code="i">Print version:</subfield>
		<subfield code="a">Nafrāwī, Aḥmad ibn Ghunaym, 1634?-1714? author.</subfield>
		<subfield code="t">Kitāb al-fawākih al-dawānī ʻalá Risālat ibn Abī Zayd al-Qayrawānī</subfield>
		<subfield code="w">(LeBAU)b12479391</subfield>
	</datafield>
	<datafield ind1="4" ind2="0" tag="856">
		<subfield code="u">http://hdl.handle.net/2333.1/cjsxm2zv</subfield>
	</datafield>
	<datafield ind1="1" ind2=" " tag="880">
		<subfield code="6">100-01</subfield>
		<subfield code="a">النفراوي، أحمد بن غنيم،</subfield>
		<subfield code="d">1634؟-1714؟</subfield>
		<subfield code="e">مؤلف.</subfield>
		<subfield code="4">aut.</subfield>
	</datafield>
	<datafield ind1="1" ind2="0" tag="880">
		<subfield code="6">245-02</subfield>
		<subfield code="a">كتاب الفواكه الدواني على رسالة ابن ابي زيد القيرواني /</subfield>
		<subfield code="c">تأليف العلامة الشيخ أحمد بن غنيم بن سالم ابن مهنا النفراوي المالكي المتوفى سنة 1125 هجرية. وبهامشه رسالة بن أبي زيد القيرواني، وهو الإمام أبو محمد عبد الله بن أبي زيد عبد الرحمن القيرواني المتوفى سنة 386.</subfield>
	</datafield>
	<datafield ind1="3" ind2="0" tag="880">
		<subfield code="6">246-03</subfield>
		<subfield code="a">الفواكه الدواني على رسالة ابن ابي زيد القيرواني</subfield>
	</datafield>
	<datafield ind1=" " ind2=" " tag="880">
		<subfield code="6">250-04</subfield>
		<subfield code="a">الطبعة الأولى.</subfield>
	</datafield>
	<datafield ind1=" " ind2="1" tag="880">
		<subfield code="6">264-05</subfield>
		<subfield code="a">مصر :</subfield>
		<subfield code="b">مطبعة السعادة،</subfield>
		<subfield code="c">1331-1332 [هـ.]، [1913-1914 م.]</subfield>
	</datafield>
	<datafield ind1=" " ind2=" " tag="880">
		<subfield code="6">300-06</subfield>
		<subfield code="a">3 أجزء ؛</subfield>
		<subfield code="c">28 سم</subfield>
	</datafield>
	<datafield ind1=" " ind2=" " tag="880">
		<subfield code="6">500-00</subfield>
		<subfield code="a">&quot;طبع على نفقة حضرة الشيخ مضوي بن الحاج ابي بكر، صاحب المكتبة الأهلية بالخرطوم.&quot;</subfield>
	</datafield>
	<datafield ind1=" " ind2=" " tag="880">
		<subfield code="6">501-00</subfield>
		<subfield code="a">تم تجليد الأجزاء الثلاثة في 2 مجلد مادي.</subfield>
	</datafield>
	<datafield ind1="1" ind2="4" tag="880">
		<subfield code="6">600-07</subfield>
		<subfield code="a">ابن أبي زيد القيرواني، عبد الله بن عبد الرحمن،</subfield>
		<subfield code="d">اشتهر في القرن 10.</subfield>
		<subfield code="t">الرسالة.</subfield>
	</datafield>
	<datafield ind1=" " ind2="4" tag="880">
		<subfield code="6">650-08</subfield>
		<subfield code="a">الفقه الاسلامي</subfield>
		<subfield code="v">اعمال قديمة حتى 1800.</subfield>
	</datafield>
	<datafield ind1=" " ind2="4" tag="880">
		<subfield code="6">650-09</subfield>
		<subfield code="a">المذهب المالكي</subfield>
		<subfield code="v">اعمال قديمة حتى 1800.</subfield>
	</datafield>
	<datafield ind1="1" ind2="2" tag="880">
		<subfield code="6">700-10</subfield>
		<subfield code="a">ابن أبي زيد القيرواني، عبد الله بن عبد الرحمن،</subfield>
		<subfield code="d">اشتهر في القرن 10.</subfield>
		<subfield code="t">الرسالة.</subfield>
	</datafield>
	<datafield ind1=" " ind2=" " tag="959">
		<subfield code="a">NNU</subfield>
		<subfield code="b">WEB</subfield>
		<subfield code="c">GENI</subfield>
		<subfield code="t">0</subfield>
		<subfield code="m">Electronic access</subfield>
		<subfield code="s">01</subfield>
	</datafield>
	<datafield ind1=" " ind2=" " tag="999">
		<subfield code="i">LeBAU_b12479391</subfield>
		<subfield code="s">aub_aco003501:v.1</subfield>
		<subfield code="s">aub_aco003502:v.2-3</subfield>
		<subfield code="e">(ERROR-MISC)</subfield>
		<subfield code="s">aub_aco003501:v.1</subfield>
		<subfield code="s">aub_aco003502:v.2-3</subfield>
	</datafield>
</record>
